@online{forbes-data,
	author = {Marr, Bernard},
	title = {{How Much Data Do We Create Every Day? The Mind-Blowing Stats Everyone Should Read}},
	date = {2018-05-21},
	year = {2018},
	url = {https://www.forbes.com/sites/bernardmarr/2018/05/21/how-much-data-do-we-create-every-day-the-mind-blowing-stats-everyone-should-read},
	urldate = {2018-05-25},
}

@online{nlp-def,
	title = {{NLP - natural language processing}},
	url = {https://www.webopedia.com/TERM/N/NLP.html},
	urldate = {2018-05-25},
}

@online{db-engines,
	title = {{DB-Engines Ranking}},
	url = {https://db-engines.com/en/ranking},
	urldate = {2018-05-28}
}

@online{freddy-github,
	title = {{Freddy Homepage on Github}},
	author = {Günther, Michael},
	url = {https://github.com/guenthermi/postgres-word2vec},
	urldate = {2018-05-28}
}

@online{we-intro,
	author = {Olejnik, Galina},
	title ={{Word embeddings: exploration, explanation, and exploitation (with code in Python)}},
	url = {https://towardsdatascience.com/word-embeddings-exploration-explanation-and-exploitation-with-code-in-python-5dac99d5d795},
	urldate = {2018-06-01},
	date = {2017-12-03},
	year = {2017}
}

@article{goldberg2017neural,
	title={Neural network methods for natural language processing},
	author={Goldberg, Yoav},
	journal={Synthesis Lectures on Human Language Technologies},
	volume={10},
	number={1},
	pages={92},
	year={2017},
	publisher={Morgan \& Claypool Publishers}
}

@article{bengio2003neural,
	title={A neural probabilistic language model},
	author={Bengio, Yoshua and Ducharme, R{\'e}jean and Vincent, Pascal and Jauvin, Christian},
	journal={Journal of machine learning research},
	volume={3},
	number={Feb},
	pages={1137--1155},
	year={2003}
}

@online{we-intro-huang,
	title={{An Introduction to Word Embeddings}},
	author={Geelon So, Aaron and Huang, Roger},
	url={https://www.springboard.com/blog/introduction-word-embeddings/},
	urldate = {2018-06-04},
	date={2017-08-28},
	year={2017}
}

@article{mikolov2013exploiting,
	title={Exploiting similarities among languages for machine translation},
	author={Mikolov, Tomas and Le, Quoc V and Sutskever, Ilya},
	journal={arXiv preprint arXiv:1309.4168},
	year={2013}
}

@inproceedings{hamilton2016inducing,
	title={Inducing domain-specific sentiment lexicons from unlabeled corpora},
	author={Hamilton, William L and Clark, Kevin and Leskovec, Jure and Jurafsky, Dan},
	booktitle={Proceedings of the Conference on Empirical Methods in Natural Language Processing. Conference on Empirical Methods in Natural Language Processing},
	volume={2016},
	pages={595},
	year={2016},
	organization={NIH Public Access}
}

@mastersthesis{freddy-diplomarbeit,
	author = {Günther, Michael},
	title = {{Integration von Word–Embeddings in Datenbanksysteme}},
	school = {Technische Universität Dresden},
	date = {2018-02-28},
	year = {2018},
	type = {Diploma Thesis}
}

@online{bootstrap-stats,
	title={{Usage statistics and market share of Bootstrap for websites}},
	author={W3Techs},
	url={https://w3techs.com/technologies/details/js-bootstrap/all/all},
	urldate = {2018-06-19},
	year={2018}
}

@online{imdb-about,
	title={{What is IMDb?}},
	author={IMDb.com},
	url={https://help.imdb.com/article/imdb/general-information/what-is-imdb/G836CY29Z4SGNMK5?ref_=helpsect_cons_1_1#},
	urldate = {2018-06-25},
	year={2018}
}

@online{discogs-about,
	title={{About Discogs}},
	author={Discogs},
	url={https://www.discogs.com/about},
	urldate = {2018-06-25},
	year={2018}
}

@online{dblp-about,
	title={{What is dblp?}},
	author={dblp team},
	url={https://dblp.uni-trier.de/faq/What+is+dblp.html},
	urldate = {2018-06-25},
	year={2018}
}

@online{laws-of-ux,
	title={{Laws of UX}},
	author={Yablonski, Jon},
	url={https://lawsofux.com/},
	year={2018},
	urldate = {2018-06-25}
}

@article{doherty1982economic,
	title={The economic value of rapid response time},
	author={Doherty, Walter J and Thadhani, Arvind J},
	journal={IBM Report},
	year={1982}
}

@article{hick1952rate,
	title={On the rate of gain of information},
	author={Hick, William E},
	journal={Quarterly Journal of experimental psychology},
	volume={4},
	number={1},
	pages={11--26},
	year={1952},
	publisher={Taylor \& Francis}
}

@article{hyman1953stimulus,
	title={Stimulus information as a determinant of reaction time.},
	author={Hyman, Ray},
	journal={Journal of experimental psychology},
	volume={45},
	number={3},
	pages={188},
	year={1953},
	publisher={American Psychological Association}
}

@online{jakob,
	title={Jakob's Law of Internet User Experience},
	author={Nielsen, Jakob},
	url={https://www.nngroup.com/videos/jakobs-law-internet-ux/},
	year={2017},
	urldate={2018-07-02}
}

@book{zeigarnik1927behalten,
	title={Das Behalten erledigter und unerledigter Handlungen, Inaugural-Dissertation... von Bluma Zeigarnik,...},
	author={Zeigarnik, Bluma Gerstein},
	year={1927},
	publisher={J. Springer}
}

@inproceedings{Gunther:2018:FFW:3183713.3183717,
	author = {G\"{u}nther, Michael},
	title = {FREDDY: Fast Word Embeddings in Database Systems},
	booktitle = {Proceedings of the 2018 International Conference on Management of Data},
	series = {SIGMOD '18},
	year = {2018},
	isbn = {978-1-4503-4703-7},
	location = {Houston, TX, USA},
	pages = {1817--1819},
	numpages = {3},
	url = {http://doi.acm.org/10.1145/3183713.3183717},
	doi = {10.1145/3183713.3183717},
	acmid = {3183717},
	publisher = {ACM},
	address = {New York, NY, USA},
	keywords = {nearest-neighbor search, postgresql, product quantization, relational database, word embeddings},
} 

@article{clarabridge,
	title={Unstructured Data and the 80 Percent Rule},
	author={Grimes, Seth},
	date={2008-08-01},
	publisher={Clarabridge Bridgepoints},
	journal={Clarabridge Bridgepoints Newsletter},
	url={https://breakthroughanalysis.com/2008/08/01/unstructured-data-and-the-80-percent-rule/},
	urldate={2018-07-03}
}

@inproceedings{Sordoni:2015:HRE:2806416.2806493,
	author = {Sordoni, Alessandro and Bengio, Yoshua and Vahabi, Hossein and Lioma, Christina and Grue Simonsen, Jakob and Nie, Jian-Yun},
	title = {A Hierarchical Recurrent Encoder-Decoder for Generative Context-Aware Query Suggestion},
	booktitle = {Proceedings of the 24th ACM International on Conference on Information and Knowledge Management},
	series = {CIKM '15},
	year = {2015},
	isbn = {978-1-4503-3794-6},
	location = {Melbourne, Australia},
	pages = {553--562},
	numpages = {10},
	url = {http://doi.acm.org/10.1145/2806416.2806493},
	doi = {10.1145/2806416.2806493},
	acmid = {2806493},
	publisher = {ACM},
	address = {New York, NY, USA},
	keywords = {query suggestion, recurrent neural networks},
} 

@inproceedings{zou2013bilingual,
	title={Bilingual word embeddings for phrase-based machine translation},
	author={Zou, Will Y and Socher, Richard and Cer, Daniel and Manning, Christopher D},
	booktitle={Proceedings of the 2013 Conference on Empirical Methods in Natural Language Processing},
	pages={1393--1398},
	year={2013}
}

@online{rankbrain-seo,
	title={RankBrain: Everything We Know About Google’s AI Algorithm},
	author={Slegg, Jennifer},
	url={http://www.thesempost.com/rankbrain-everything-we-know-about-googles-ai-algorithm/},
	date={2015-10-27},
	urldate={2018-07-03}
}

@online{spotify-word2vec,
	title={How did Spotify get so good at machine learning? [...]},
	author={Bernhardsson, Erik},
	url={https://www.quora.com/How-did-Spotify-get-so-good-at-machine-learning-Was-machine-learning-important-from-the-start-or-did-they-catch-up-over-time/answer/Erik-Bernhardsson},
	date={2017-01-25},
	urldate={2018-07-03}
}

@online{deeptext,
	title={Introducing DeepText: Facebook’s text understanding engine},
	author={Abdulkader, Ahmad and Lakshmiratan, Aparna and Zhang, Joy},
	url={https://code.fb.com/applied-machine-learning/introducing-deeptext-facebook-s-text-understanding-engine/},
	date={2016-06-01},
	urldate={2018-07-03}
}

@article{palmer1992common,
	title={Common region: a new principle of perceptual grouping.},
	author={Palmer, Stephen E},
	journal={Cognitive psychology},
	year={1992},
	publisher={Elsevier Science}
}

@online{we-mlm,
	title={What Are Word Embeddings for Text?},
	author={Brownlee, Jason},
	date={2017-10-11},
	urldate={2018-07-05},
	url={https://machinelearningmastery.com/what-are-word-embeddings/}
}

@online{angularjs-guide,
	title={AngularJS Developer Guide},
	url={https://docs.angularjs.org/guide},
	year={2018},
	urldate={2018-07-05}
}